%YAML 1.1
%TAG !u! tag:unity3d.com,2011:
--- !u!1 &1480328410595385842
GameObject:
  m_ObjectHideFlags: 0
  m_CorrespondingSourceObject: {fileID: 0}
  m_PrefabInstance: {fileID: 0}
  m_PrefabAsset: {fileID: 0}
  serializedVersion: 6
  m_Component:
  - component: {fileID: 3530076817849246620}
  - component: {fileID: 5759416724874312409}
  - component: {fileID: 5437039584161791029}
  - component: {fileID: 4784383459925095038}
  - component: {fileID: 5021635935917392971}
  m_Layer: 0
  m_Name: artcity5
  m_TagString: Untagged
  m_Icon: {fileID: 0}
  m_NavMeshLayer: 0
  m_StaticEditorFlags: 0
  m_IsActive: 1
--- !u!4 &3530076817849246620
Transform:
  m_ObjectHideFlags: 0
  m_CorrespondingSourceObject: {fileID: 0}
  m_PrefabInstance: {fileID: 0}
  m_PrefabAsset: {fileID: 0}
  m_GameObject: {fileID: 1480328410595385842}
  m_LocalRotation: {x: 0, y: 0, z: 0, w: 1}
  m_LocalPosition: {x: 0, y: 0, z: 0}
  m_LocalScale: {x: 1, y: 1, z: 1}
  m_Children:
  - {fileID: 1865425520299045934}
  m_Father: {fileID: 0}
  m_RootOrder: 0
  m_LocalEulerAnglesHint: {x: 0, y: 0, z: 0}
--- !u!65 &5759416724874312409
BoxCollider:
  m_ObjectHideFlags: 0
  m_CorrespondingSourceObject: {fileID: 0}
  m_PrefabInstance: {fileID: 0}
  m_PrefabAsset: {fileID: 0}
  m_GameObject: {fileID: 1480328410595385842}
  m_Material: {fileID: 0}
  m_IsTrigger: 0
  m_Enabled: 1
  serializedVersion: 2
  m_Size: {x: 18.51078, y: 36.388336, z: 97.897125}
  m_Center: {x: -50.20753, y: 17.611649, z: -3.6800385}
--- !u!65 &5437039584161791029
BoxCollider:
  m_ObjectHideFlags: 0
  m_CorrespondingSourceObject: {fileID: 0}
  m_PrefabInstance: {fileID: 0}
  m_PrefabAsset: {fileID: 0}
  m_GameObject: {fileID: 1480328410595385842}
  m_Material: {fileID: 0}
  m_IsTrigger: 0
  m_Enabled: 1
  serializedVersion: 2
  m_Size: {x: 29.551823, y: 36.38835, z: 18.513092}
  m_Center: {x: -25.761168, y: 17.611671, z: 35.486282}
--- !u!65 &4784383459925095038
BoxCollider:
  m_ObjectHideFlags: 0
  m_CorrespondingSourceObject: {fileID: 0}
  m_PrefabInstance: {fileID: 0}
  m_PrefabAsset: {fileID: 0}
  m_GameObject: {fileID: 1480328410595385842}
  m_Material: {fileID: 0}
  m_IsTrigger: 0
  m_Enabled: 1
  serializedVersion: 2
  m_Size: {x: 18.513939, y: 35.86261, z: 97.37143}
  m_Center: {x: 48.10332, y: 17.874512, z: -7.0972137}
--- !u!65 &5021635935917392971
BoxCollider:
  m_ObjectHideFlags: 0
  m_CorrespondingSourceObject: {fileID: 0}
  m_PrefabInstance: {fileID: 0}
  m_PrefabAsset: {fileID: 0}
  m_GameObject: {fileID: 1480328410595385842}
  m_Material: {fileID: 0}
  m_IsTrigger: 0
  m_Enabled: 1
  serializedVersion: 2
  m_Size: {x: 49.004986, y: 36.388382, z: 20.090942}
  m_Center: {x: 13.931341, y: 17.611687, z: -45.737457}
--- !u!1001 &1865425520298651306
PrefabInstance:
  m_ObjectHideFlags: 0
  serializedVersion: 2
  m_Modification:
    m_TransformParent: {fileID: 3530076817849246620}
    m_Modifications:
    - target: {fileID: 100004, guid: 071104ffcb10eb24290b4a5017ea06a5, type: 3}
      propertyPath: m_Name
      value: artcity5_fix
      objectReference: {fileID: 0}
    - target: {fileID: 400004, guid: 071104ffcb10eb24290b4a5017ea06a5, type: 3}
      propertyPath: m_LocalPosition.x
      value: -1.5
      objectReference: {fileID: 0}
    - target: {fileID: 400004, guid: 071104ffcb10eb24290b4a5017ea06a5, type: 3}
      propertyPath: m_LocalPosition.y
      value: 0
      objectReference: {fileID: 0}
    - target: {fileID: 400004, guid: 071104ffcb10eb24290b4a5017ea06a5, type: 3}
      propertyPath: m_LocalPosition.z
      value: 3.9
      objectReference: {fileID: 0}
    - target: {fileID: 400004, guid: 071104ffcb10eb24290b4a5017ea06a5, type: 3}
      propertyPath: m_LocalRotation.x
      value: 0
      objectReference: {fileID: 0}
    - target: {fileID: 400004, guid: 071104ffcb10eb24290b4a5017ea06a5, type: 3}
      propertyPath: m_LocalRotation.y
      value: 0
      objectReference: {fileID: 0}
    - target: {fileID: 400004, guid: 071104ffcb10eb24290b4a5017ea06a5, type: 3}
      propertyPath: m_LocalRotation.z
      value: 0
      objectReference: {fileID: 0}
    - target: {fileID: 400004, guid: 071104ffcb10eb24290b4a5017ea06a5, type: 3}
      propertyPath: m_LocalRotation.w
      value: 1
      objectReference: {fileID: 0}
    - target: {fileID: 400004, guid: 071104ffcb10eb24290b4a5017ea06a5, type: 3}
      propertyPath: m_RootOrder
      value: 0
      objectReference: {fileID: 0}
    - target: {fileID: 400004, guid: 071104ffcb10eb24290b4a5017ea06a5, type: 3}
      propertyPath: m_LocalEulerAnglesHint.x
      value: 0
      objectReference: {fileID: 0}
    - target: {fileID: 400004, guid: 071104ffcb10eb24290b4a5017ea06a5, type: 3}
      propertyPath: m_LocalEulerAnglesHint.y
      value: 0
      objectReference: {fileID: 0}
    - target: {fileID: 400004, guid: 071104ffcb10eb24290b4a5017ea06a5, type: 3}
      propertyPath: m_LocalEulerAnglesHint.z
      value: 0
      objectReference: {fileID: 0}
    m_RemovedComponents: []
  m_SourcePrefab: {fileID: 100100000, guid: 071104ffcb10eb24290b4a5017ea06a5, type: 3}
--- !u!4 &1865425520299045934 stripped
Transform:
  m_CorrespondingSourceObject: {fileID: 400004, guid: 071104ffcb10eb24290b4a5017ea06a5,
    type: 3}
  m_PrefabInstance: {fileID: 1865425520298651306}
  m_PrefabAsset: {fileID: 0}
